<?xml version="1.0" encoding="UTF-8"?><collection xmlns="http://www.loc.gov/MARC21/slim"><record><leader>00591nam--2200181-i-4500</leader><controlfield tag="001">000036664</controlfield><controlfield tag="002">20161230</controlfield><controlfield tag="005">20161230201041</controlfield><controlfield tag="008">060222s1000------------r-----000-0-eng-d</controlfield><datafield ind1=" " ind2=" " tag="040"><subfield code="a">IFIN-HH</subfield></datafield><datafield ind1=" " ind2=" " tag="080"><subfield code="a">533.9(061.3)</subfield></datafield><datafield ind1="1" ind2=" " tag="100"><subfield code="a">Keen, B.E</subfield></datafield><datafield ind1="1" ind2="0" tag="245"><subfield code="a">Plasma physics</subfield><subfield code="b">Lectures from the culham plasma physics summer schools, held at the ukaea culham laboratory, abingdon</subfield><subfield code="c">B.E. KEEN (Edited and compiled by)</subfield></datafield><datafield ind1=" " ind2=" " tag="260"><subfield code="a">London, The Institute Of Physics, 1974,</subfield></datafield><datafield ind1=" " ind2=" " tag="300"><subfield code="a">VI + 339P</subfield></datafield><datafield ind1=" " ind2=" " tag="490"><subfield code="a">CONFERENCE SERIES Number 20</subfield></datafield><datafield ind1=" " ind2=" " tag="852"><subfield code="a">47987</subfield><subfield code="c">533.9</subfield></datafield><datafield ind1=" " ind2=" " tag="CAT"><subfield code="a">Sys</subfield><subfield code="c">20100929</subfield><subfield code="h">121300</subfield></datafield></record></collection>